<record><leader>00000cas a22000007a 4500</leader><controlfield tag="001">40192764</controlfield><controlfield tag="008">981029d198319uucaucr ne      0    0eng d</controlfield><datafield ind1=" " ind2=" " tag="010"><subfield code="a">sn 98061386 </subfield></datafield><datafield ind1=" " ind2=" " tag="040"><subfield code="a">CNK</subfield><subfield code="b">eng</subfield><subfield code="c">CNK</subfield><subfield code="d">DCN</subfield><subfield code="d">OCLCQ</subfield><subfield code="d">OCLCF</subfield><subfield code="d">OCLCO</subfield></datafield><datafield ind1=" " ind2=" " tag="042"><subfield code="a">msc</subfield></datafield><datafield ind1=" " ind2=" " tag="043"><subfield code="a">n-us-ca</subfield></datafield><datafield ind1="0" ind2=" " tag="130"><subfield code="a">Culver City news (Culver City, Calif. : 1983)</subfield></datafield><datafield ind1="1" ind2="0" tag="245"><subfield code="a">Culver City news.</subfield></datafield><datafield ind1=" " ind2=" " tag="260"><subfield code="a">Culver City, CA :</subfield><subfield code="b">Coast Media Newspapers</subfield></datafield><datafield ind1=" " ind2=" " tag="300"><subfield code="a">v.</subfield></datafield><datafield ind1=" " ind2=" " tag="310"><subfield code="a">Semiweekly</subfield></datafield><datafield ind1="1" ind2=" " tag="362"><subfield code="a">Began in 1983.</subfield></datafield><datafield ind1=" " ind2=" " tag="588"><subfield code="a">Description based on: 77th year, no. 282 (Nov. 3, 1983).</subfield></datafield><datafield ind1=" " ind2=" " tag="588"><subfield code="a">Latest issue consulted: 86th year, no. 41 (Sept. 20, 1990).</subfield></datafield><datafield ind1=" " ind2="0" tag="651"><subfield code="a">Culver City (Calif.)</subfield><subfield code="v">Newspapers.</subfield></datafield><datafield ind1=" " ind2="7" tag="655"><subfield code="a">Newspapers.</subfield><subfield code="2">fast</subfield><subfield code="0">(OCoLC)fst01423814</subfield></datafield><datafield ind1=" " ind2="7" tag="651"><subfield code="a">California</subfield><subfield code="z">Culver City.</subfield><subfield code="2">fast</subfield><subfield code="0">(OCoLC)fst01213894</subfield></datafield><datafield ind1=" " ind2=" " tag="752"><subfield code="a">United States</subfield><subfield code="b">California</subfield><subfield code="c">Los Angeles</subfield><subfield code="d">Culver City.</subfield></datafield><datafield ind1="0" ind2="0" tag="780"><subfield code="t">Culver City news and journal</subfield><subfield code="w">(DLC)sn 98061385</subfield></datafield></record>